@article{exact,
  title={A “pseudopolynomial” algorithm for sequencing jobs to minimize total tardiness},
  author={Lawler, Eugene L},
  journal={Annals of discrete Mathematics},
  volume={1},
  pages={331--342},
  year={1977},
  publisher={Elsevier}
}

@article{approx,
	title={A fully polynomial approximation scheme for the total tardiness problem},
	author={Lawler, EL},
	journal={Operations Research Letters},
	volume={1},
	number={6},
	pages={207--208},
	year={1982},
	publisher={Elsevier}
}